@article{paretoslaw,
	author="Lausanne, F. Rouge.",
	title= "PARETO, V. (1896)",
	howpublished="Cours d'économie politique professé à l'Universi̧té de Lausanne.",
	year="1896"
}

@article {marketcrash,
	author = "Hudomiet, Peter and Kezdi, Gabor and Willis, Robert J.",
	title = "Stock market crash and expectations of American households",
	journal = "Journal of Applied Econometrics",
	volume = "26",
	number = "3",
	publisher = "John Wiley & Sons, Ltd.",
	issn = "1099-1255",
	url = "http://dx.doi.org/10.1002/jae.1226",
	doi = "10.1002/jae.1226",
	pages = "393--415",
	year = "2011"
}

@article{publisher,
	title = "Editorial Board ",
	journal = "Journal of Financial Markets ",
	volume = "36",
	number = "",
	pages = "IFC - ",
	year = "2017",
	note = "",
	issn = "1386-4181",
	doi = "https://doi.org/10.1016/S1386-4181(17)30290-2",
	url = "https://www.sciencedirect.com/science/article/pii/S1386418117302902",
	key = "tagkey2017IFC"
}

@article{proofgibbsdist,
	author = {Lanchier, Nicolas},
	year = {2017},
	month = {01},
	pages = {},
	title = {Rigorous Proof of the Boltzmann–Gibbs Distribution of Money on Connected Graphs},
	booktitle = {Journal of Statistical Physics}
}

@article{goswami,
	title = "Agent based models for wealth distribution with preference in interaction",
	journal = "Physica A: Statistical Mechanics and its Applications",
	volume = "415",
	number = "Supplement C",
	pages = "514 - 524",
	year = "2014",
	issn = "0378-4371",
	doi = "https://doi.org/10.1016/j.physa.2014.08.018",
	url = "http://www.sciencedirect.com/science/article/pii/S0378437114006967",
	author = "Sanchari Goswami and Parongama Sen",
	keywords = "Pareto exponent, Kinetic theory, Preferential attachment, Network properties"
}

@article{patriarca,
	title = "Gibbs versus non-Gibbs distributions in money dynamics",
	journal = "Physica A: Statistical Mechanics and its Applications",
	volume = "340",
	number = "1",
	pages = "334 - 339",
	year = "2004",
	note = "News and Expectations in Thermostatistics",
	issn = "0378-4371",
	doi = "https://doi.org/10.1016/j.physa.2004.04.024",
	url = "http://www.sciencedirect.com/science/article/pii/S0378437104004327",
	author = "Marco Patriarca and Anirban Chakraborti and Kimmo Kaski",
	keywords = "Econophysics, Money dynamics, Gamma distribution, Gibbs distribution"
}


@booklet{project5,
    author   = "Hjorth-Jensen, Morten",
    title     = "Computational Physics",
    howpublished   = "Project-5",
    year      = "2017",
    url  = {https://github.com/CompPhysics/ComputationalPhysics/blob/master/doc/Projects/2017/Project5/pdf/Project5.pdf}
}

@booklet{compphys,
    author   = "Hjorth-Jensen, Morten",
    title     = "Computational Physics",
    howpublished   = "Lecture notes",
    year      = "2015",
    url  = {https://github.com/CompPhysics/ComputationalPhysics/blob/master/doc/Lectures/lectures2015.pdf}
}



