@article{GOSWAMI2014514,
title = "Agent based models for wealth distribution with preference in interaction",
journal = "Physica A: Statistical Mechanics and its Applications",
volume = "415",
number = "Supplement C",
pages = "514 - 524",
year = "2014",
issn = "0378-4371",
doi = "https://doi.org/10.1016/j.physa.2014.08.018",
url = "http://www.sciencedirect.com/science/article/pii/S0378437114006967",
author = "Sanchari Goswami and Parongama Sen",
keywords = "Pareto exponent, Kinetic theory, Preferential attachment, Network properties"
}